@article{wass2013,
  title={Density-sensitive semisupervised inference},
  author={M. Azizyan and A.Singh and L.Wasserman},
  journal={The Annals of Statistics},
  year={2013},
}
@article{wass2012a,
  title={Manifold estimation and singular deconvolution under hausdorff loss},
  author={Christopher R. Genovese and Macro Perone-Pacifico and Isabella Verdinelli and Larry Wasserman},
  journal={The Annals of Statistics},
  year={2012},
  number={40},
  pages={941-963},
}
@article{wass2012b,
  title={Minimax manifold estimation},
  author={Christopher R. Genovese and Marco Perone-Pacifico and Isabella Verdinelli and Larry Wasserman},
  journal={Journal of Machine Learning Research},
  year={2012},
  pages={1263-1291},
}
@article{wass2012c,
  title={Nonparametric ridge estimation},
  author={Christopher R. Genovese and Marco Perone-Pacifico and Isabella Verdinelli and Larry Wasserman},
  journal={arXiv:1212.5156},
  year={2012},
}

@BOOK{irwin1980,
  AUTHOR =       {M.C.Irwin.},
  TITLE =        {Smooth dynamical systems},
  PUBLISHER =    {Academic Press},
  YEAR =         {1980},
  volume =       {94},
}

@ARTICLE{chacon2012,
  AUTHOR =       {Chac\'{o}n.},
  TITLE =        {Clusters and water flows: a novel approach to modal clustering through morse theory},
  JOURNAL =      {arXiv preprint arXiv:1212.1384},
  YEAR =         {2012},
}
